@misc{scikit,  
  title = {Scikit-Learn},
  howpublished = {\url{https://scikit-learn.org/stable/}}
}

@misc{numpy,  
  title = {Numpy},
  howpublished = {\url{https://numpy.org/}}
}

@article{hs1,
title = "A new meta-heuristic algorithm for continuous engineering optimization: harmony search theory and practice",
journal = "Computer Methods in Applied Mechanics and Engineering",
volume = "194",
number = "36",
pages = "3902 - 3933",
year = "2005",
issn = "0045-7825",
doi = "https://doi.org/10.1016/j.cma.2004.09.007",
url = "http://www.sciencedirect.com/science/article/pii/S0045782504004682",
author = "Kang Seok Lee and Zong Woo Geem",
}

@inbook{hs2,
author = {Askarzadeh, Alireza and Rashedi, Esmat},
year = {2017},
month = {03},
pages = {},
title = {Harmony Search Algorithm},
journal = {Recent Developments in Intelligent Nature-Inspired Computing},
doi = {10.4018/978-1-5225-2322-2.ch001}
}

@article{hs3,
author = {Gao, Kai and Wang, Ling and Luo, Jianping and Jiang, Hua and Sadollah, Ali and Pan, Quan-Ke},
year = {2017},
month = {11},
pages = {1-17},
title = {Discrete harmony search algorithm for scheduling and rescheduling the reprocessing problems in remanufacturing: a case study},
journal = {Engineering Optimization},
doi = {10.1080/0305215X.2017.1391240}
}

@article{hs4,
title = "Effect of Harmony Search Parameters Variation in Clustering",
journal = "Procedia Technology",
volume = "6",
pages = "265 - 274",
year = "2012",
issn = "2212-0173",
doi = "https://doi.org/10.1016/j.protcy.2012.10.032",
url = "http://www.sciencedirect.com/science/article/pii/S2212017312005774",
author = "Vijay Kumar and Jitender Kumar Chhabra and Dinesh Kumar",
}