@misc{plantilla,
  title = {Plantilla GDD},
  howpublished = {\url{https://github.com/iMartinezMateu/documento-diseno-juego}}
}
