@misc{scikit,  
  title = {Scikit-Learn},
  howpublished = {\url{https://scikit-learn.org/stable/}}
}

@misc{numpy,  
  title = {Numpy},
  howpublished = {\url{https://numpy.org/}}
}